<?xml version="1.0" encoding="UTF-8"?><collection xmlns="http://www.loc.gov/MARC21/slim"><record><leader>00310nam--2200121-i-4500</leader><controlfield tag="001">000005287</controlfield><controlfield tag="002">20161230</controlfield><controlfield tag="005">20161230201026</controlfield><controlfield tag="008">060222s1000------------r-----000-0-eng-d</controlfield><datafield ind1=" " ind2=" " tag="245"><subfield code="a">Bibliography on low-noise amplifiers </subfield></datafield><datafield ind1=" " ind2=" " tag="260"><subfield code="a">Israel,Atomic Energy Commission,196o. 38p</subfield></datafield><datafield ind1=" " ind2=" " tag="700"><subfield code="a">Gilbert,B</subfield></datafield><datafield ind1=" " ind2=" " tag="852"><subfield code="a">D.1019</subfield></datafield></record></collection>